<record><leader>00000cas a22000007a 4500</leader><controlfield tag="001">19817591</controlfield><controlfield tag="008">890605d18uu1899moucr ne      0    0eng d</controlfield><datafield ind1=" " ind2=" " tag="010"><subfield code="a">sn 89066149 </subfield></datafield><datafield ind1=" " ind2=" " tag="040"><subfield code="a">MQN</subfield><subfield code="b">eng</subfield><subfield code="c">MQN</subfield><subfield code="d">OCL</subfield><subfield code="d">OCLCQ</subfield><subfield code="d">OCLCF</subfield><subfield code="d">OCLCO</subfield></datafield><datafield ind1="1" ind2=" " tag="029"><subfield code="a">AU@</subfield><subfield code="b">000020224467</subfield></datafield><datafield ind1=" " ind2=" " tag="042"><subfield code="a">msc</subfield></datafield><datafield ind1=" " ind2=" " tag="043"><subfield code="a">n-us-mo</subfield></datafield><datafield ind1="0" ind2="0" tag="245"><subfield code="a">Chillicothe semi-weekly constitution.</subfield></datafield><datafield ind1="3" ind2="0" tag="246"><subfield code="a">Chillicothe weekly constitution</subfield></datafield><datafield ind1=" " ind2=" " tag="260"><subfield code="a">Chillicothe, Mo. :</subfield><subfield code="b">Constitution Steam Print. Co.</subfield></datafield><datafield ind1=" " ind2=" " tag="300"><subfield code="a">v.</subfield></datafield><datafield ind1=" " ind2=" " tag="310"><subfield code="a">Semiweekly</subfield></datafield><datafield ind1="0" ind2=" " tag="362"><subfield code="a">-v. 40, no. 5 (Feb. 23, 1899).</subfield></datafield><datafield ind1=" " ind2=" " tag="500"><subfield code="a">Title fluctuates between: Chillicothe semi-weekly constitution, and: Chillicothe weekly constitution, &lt;Dec. 12, 1898&gt;-Feb. 23, 1899.</subfield></datafield><datafield ind1=" " ind2=" " tag="580"><subfield code="a">Daily ed. also published: Chillicothe daily constitution, Dec. 12, 1889-&lt;July 1, 1890&gt;; Chillicothe constitution (Chillicothe, Mo. : 1890 : Daily), Dec. 7, 1890-Feb. 23, 1899.</subfield></datafield><datafield ind1=" " ind2=" " tag="588"><subfield code="a">Description based on: Vol. 28, no. 17 (Dec. 12, 1889).</subfield></datafield><datafield ind1=" " ind2="0" tag="651"><subfield code="a">Chillicothe (Mo.)</subfield><subfield code="v">Newspapers.</subfield></datafield><datafield ind1=" " ind2="7" tag="655"><subfield code="a">Newspapers.</subfield><subfield code="2">fast</subfield><subfield code="0">(OCoLC)fst01423814</subfield></datafield><datafield ind1=" " ind2="7" tag="651"><subfield code="a">Missouri</subfield><subfield code="z">Chillicothe.</subfield><subfield code="2">fast</subfield><subfield code="0">(OCoLC)fst01227928</subfield></datafield><datafield ind1=" " ind2=" " tag="752"><subfield code="a">United States</subfield><subfield code="b">Missouri</subfield><subfield code="c">Livingston</subfield><subfield code="d">Chillicothe.</subfield></datafield><datafield ind1="1" ind2=" " tag="775"><subfield code="t">Chillicothe daily constitution</subfield><subfield code="w">(DLC)sn 89066155</subfield></datafield><datafield ind1="1" ind2=" " tag="775"><subfield code="t">Chillicothe constitution (Chillicothe, Mo. : 1890 : Daily)</subfield><subfield code="w">(DLC)sn 86063608</subfield></datafield><datafield ind1="0" ind2="0" tag="780"><subfield code="t">Chillicothe constitution (Chillicothe, Mo. : 1872)</subfield><subfield code="w">(DLC)sn 89066148</subfield></datafield><datafield ind1="0" ind2="0" tag="785"><subfield code="t">Chillicothe constitution (Chillicothe, Mo. : 1899 : Weekly)</subfield><subfield code="w">(DLC)sn 89066150</subfield></datafield></record>